@book{1966:Uspenski:Crocodile-Gena,
    title = {{Крокодил Гена и его друзья}},
    year = {1966},
    publisher = {Детская литература},
} 